@article{SharirWelzl2006,
author = {Micha  Sharir and Emo  Welzl},
title = {On the Number of Crossing-Free Matchings, Cycles, and Partitions},
journal = {SIAM Journal on Computing},
volume = {36},
number = {3},
pages = {695-720},
year = {2006},
doi = {10.1137/050636036},
URL = { http://dx.doi.org/10.1137/050636036},
eprint = { http://dx.doi.org/10.1137/050636036}
}

@Unpublished{RuizVargasWelzl2016,
author = {Andres J. Ruiz-Vargas and Emo Welzl},
title = {Crossing-Free Perfect Matchings in Wheel Point Sets},
note = {To appear}
}

@incollection{AjtaiChvatalNewbornSzemeredi1982,
title = "Crossing-Free Subgraphs",
editor = "Peter L. Hammer and Alexander Rosa and Gert Sabidussi and Jean Turgeon",
booktitle = "Theory and Practice of Combinatorics ---
A collection of articles honoring Anton Kotzig on the occasion of his sixtieth birthday",
publisher = "North-Holland",
year = "1982",
volume = "60",
pages = "9-12",
series = "North-Holland Mathematics Studies ",
issn = "0304-0208",
doi = "http://dx.doi.org/10.1016/S0304-0208(08)73484-4",
url = "http://www.sciencedirect.com/science/article/pii/S0304020808734844",
author = "M. Ajtai and V. Chvátal and M.M. Newborn and E. Szemerédi"
}

@article{GarciaNoyTejel2000,
title = "Lower bounds on the number of crossing-free subgraphs of {$K_N$}",
journal = "Computational Geometry",
volume = "16",
number = "4",
pages = "211-221",
year = "2000",
note = "",
issn = "0925-7721",
doi = "http://dx.doi.org/10.1016/S0925-7721(00)00010-9",
url = "http://www.sciencedirect.com/science/article/pii/S0925772100000109",
author = "Alfredo García and Marc Noy and Javier Tejel",
}

@article{NewbornMoser1980,
title = "Optimal crossing-free {H}amiltonian circuit drawings of {$K_n$}",
journal = "Journal of Combinatorial Theory, Series B",
volume = "29",
number = "1",
pages = "13-26",
year = "1980",
note = "",
issn = "0095-8956",
doi = "http://dx.doi.org/10.1016/0095-8956(80)90041-6",
url = "http://www.sciencedirect.com/science/article/pii/0095895680900416",
author = "Monroe Newborn and W. O. J. Moser",
}

@InProceedings{LeeuwenSchoone1981,
author = {Jan van Leeuwen and Anneke A. Schoone},
title = {Untangling a Travelling Salesman Tour in the Plane},
booktitle = {Proceedings of the 7th Conference on Graph-theoretic Concepts in Computer Science},
pages = {87-98},
year = {1981},
editor = {J. R. Mühlbacher},
}
